%! Author = globesosuperapp
%! Date = 9/25/25

